@incollection{NEURIPS2019_9015,
  title     = {PyTorch: An Imperative Style, High-Performance Deep Learning Library},
  author    = {Paszke, Adam and Gross, Sam and Massa, Francisco and Lerer, Adam and Bradbury, James and Chanan, Gregory and Killeen, Trevor and Lin, Zeming and Gimelshein, Natalia and Antiga, Luca and Desmaison, Alban and Kopf, Andreas and Yang, Edward and DeVito, Zachary and Raison, Martin and Tejani, Alykhan and Chilamkurthy, Sasank and Steiner, Benoit and Fang, Lu and Bai, Junjie and Chintala, Soumith},
  booktitle = {Advances in Neural Information Processing Systems 32},
  editor    = {H. Wallach and H. Larochelle and A. Beygelzimer and F. d\textquotesingle Alch\'{e}-Buc and E. Fox and R. Garnett},
  pages     = {8024--8035},
  year      = {2019},
  publisher = {Curran Associates, Inc.},
  url       = {http://papers.neurips.cc/paper/9015-pytorch-an-imperative-style-high-performance-deep-learning-library.pdf}
}

@article{scikit-learn,
  title   = {Scikit-learn: Machine Learning in {P}ython},
  author  = {Pedregosa, F. and Varoquaux, G. and Gramfort, A. and Michel, V.
             and Thirion, B. and Grisel, O. and Blondel, M. and Prettenhofer, P.
             and Weiss, R. and Dubourg, V. and Vanderplas, J. and Passos, A. and
             Cournapeau, D. and Brucher, M. and Perrot, M. and Duchesnay, E.},
  journal = {Journal of Machine Learning Research},
  volume  = {12},
  pages   = {2825--2830},
  year    = {2011}
}

@misc{site:movielens-datasets,
  author       = {GroupLens},
  title        = {Movie{L}ens {L}atest {D}atasets},
  howpublished = {\url{https://grouplens.org/datasets/movielens/latest/}}
}

@misc{site:tmdb-api-overview,
  author       = {TMDB {C}ommunity},
  title        = {Api {O}verview},
  howpublished = {\url{https://www.themoviedb.org/documentation/api/}}
}

@misc{site:imdb-datasets,
  author       = {IMDb.com},
  title        = {IMDb Datasets},
  howpublished = {\url{https://www.imdb.com/interfaces/}}
}

@article{JMLR:v18:16-365,
  author  = {Guillaume  Lema{{\^i}}tre and Fernando Nogueira and Christos K. Aridas},
  title   = {Imbalanced-learn: A Python Toolbox to Tackle the Curse of Imbalanced Datasets in Machine Learning},
  journal = {Journal of Machine Learning Research},
  year    = {2017},
  volume  = {18},
  number  = {17},
  pages   = {1-5},
  url     = {http://jmlr.org/papers/v18/16-365.html}
}

@software{reback2020pandas,
    author       = {The pandas development team},
    title        = {pandas-dev/pandas: Pandas},
    month        = feb,
    year         = 2020,
    publisher    = {Zenodo},
    version      = {1.4.2},
    doi          = {10.5281/zenodo.3509134},
    url          = {https://doi.org/10.5281/zenodo.3509134}
}

@Article{         harris2020array,
 title         = {Array programming with {NumPy}},
 author        = {Charles R. Harris and K. Jarrod Millman and St{\'{e}}fan J.
                 van der Walt and Ralf Gommers and Pauli Virtanen and David
                 Cournapeau and Eric Wieser and Julian Taylor and Sebastian
                 Berg and Nathaniel J. Smith and Robert Kern and Matti Picus
                 and Stephan Hoyer and Marten H. van Kerkwijk and Matthew
                 Brett and Allan Haldane and Jaime Fern{\'{a}}ndez del
                 R{\'{i}}o and Mark Wiebe and Pearu Peterson and Pierre
                 G{\'{e}}rard-Marchant and Kevin Sheppard and Tyler Reddy and
                 Warren Weckesser and Hameer Abbasi and Christoph Gohlke and
                 Travis E. Oliphant},
 year          = {2020},
 month         = sep,
 journal       = {Nature},
 volume        = {585},
 number        = {7825},
 pages         = {357--362},
 doi           = {10.1038/s41586-020-2649-2},
 publisher     = {Springer Science and Business Media {LLC}},
 url           = {https://doi.org/10.1038/s41586-020-2649-2}
}

@Article{Hunter:2007,
  Author    = {Hunter, J. D.},
  Title     = {Matplotlib: A 2D graphics environment},
  Journal   = {Computing in Science \& Engineering},
  Volume    = {9},
  Number    = {3},
  Pages     = {90--95},
  abstract  = {Matplotlib is a 2D graphics package used for Python for
  application development, interactive scripting, and publication-quality
  image generation across user interfaces and operating systems.},
  publisher = {IEEE COMPUTER SOC},
  doi       = {10.1109/MCSE.2007.55},
  year      = 2007
}

@article{Waskom2021,
    doi = {10.21105/joss.03021},
    url = {https://doi.org/10.21105/joss.03021},
    year = {2021},
    publisher = {The Open Journal},
    volume = {6},
    number = {60},
    pages = {3021},
    author = {Michael L. Waskom},
    title = {seaborn: statistical data visualization},
    journal = {Journal of Open Source Software}
 }

@misc{cuda,
  author={NVIDIA and Vingelmann, PÃ©ter and Fitzek, Frank H.P.},
  title={CUDA, release: 11.7},
  year={2020},
  url={https://developer.nvidia.com/cuda-toolkit},
}


@misc{site:cookiecutter,
  author       = {Audrey Roy Greenfeld, Daniel Roy Greenfeld, Raphael Pierzina},
  title        = {Cookiecutter},
  howpublished = {\url{https://cookiecutter.readthedocs.io/en/stable/}}
}